<record><leader>00000cas a22000007a 4500</leader><controlfield tag="001">22658637</controlfield><controlfield tag="008">901109d18771883nhuwr ne      0    0eng d</controlfield><datafield ind1=" " ind2=" " tag="010"><subfield code="a">sn 90062416 </subfield></datafield><datafield ind1=" " ind2=" " tag="040"><subfield code="a">NVH</subfield><subfield code="b">eng</subfield><subfield code="c">NVH</subfield><subfield code="d">OCLCQ</subfield></datafield><datafield ind1=" " ind2=" " tag="042"><subfield code="a">msc</subfield></datafield><datafield ind1="0" ind2="4" tag="245"><subfield code="a">The Snow flake.</subfield></datafield><datafield ind1="3" ind2="0" tag="246"><subfield code="a">Snowflake</subfield></datafield><datafield ind1=" " ind2=" " tag="260"><subfield code="a">Dunbarton, N.H. :</subfield><subfield code="b">H.A. Chamberlen</subfield></datafield><datafield ind1=" " ind2=" " tag="300"><subfield code="a">v.</subfield></datafield><datafield ind1=" " ind2=" " tag="310"><subfield code="a">Weekly,</subfield><subfield code="b">Jan. 4-Dec. 27, 1883</subfield></datafield><datafield ind1=" " ind2=" " tag="321"><subfield code="a">Monthly,</subfield><subfield code="b">Dec. 1877-Dec. 1879</subfield></datafield><datafield ind1=" " ind2=" " tag="321"><subfield code="a">Semimonthly,</subfield><subfield code="b">Jan. 1-Dec. 15, 1880</subfield></datafield><datafield ind1=" " ind2=" " tag="321"><subfield code="a">Biweekly,</subfield><subfield code="b">Jan. 1, 1881-Dec. 27, 1882</subfield></datafield><datafield ind1="0" ind2=" " tag="362"><subfield code="a">Vol. 1, no. 1 (Dec. 1877)-v. 6, no. 52 (Dec. 27, 1883).</subfield></datafield><datafield ind1=" " ind2=" " tag="752"><subfield code="a">United States</subfield><subfield code="b">New Hampshire</subfield><subfield code="c">Merrimack</subfield><subfield code="d">Dunbarton.</subfield></datafield><datafield ind1="0" ind2="0" tag="785"><subfield code="t">Analecta (Dunbarton, N.H.)</subfield><subfield code="w">(DLC)sn 87090516</subfield></datafield></record>